@inproceedings{nister2004visual,
  title={Visual odometry},
  author={Nist{\'e}r, David and Naroditsky, Oleg and Bergen, James},
  booktitle={Proceedings of the 2004 IEEE Computer Society Conference on Computer Vision and Pattern Recognition},
  volume={1},
  pages={652--659},
  year={2004},
  organization={Ieee}
}

@inproceedings{scaramuzza2009real,
    title={Real-time monocular visual odometry for on-road vehicles with 1-point ransac},
    author={Scaramuzza, Davide and Fraundorfer, Friedrich and Siegwart, Roland},
    booktitle={2009 IEEE International Conference on Robotics and Automation},
    pages={4293--4299},
    year={2009},
    organization={Ieee}
}

@inproceedings{dissanayake2011review,
    title={A review of recent developments in simultaneous localization and mapping},
    author={Dissanayake, Gamini and Huang, Shoudong and Wang, Zhan and Ranasinghe, Ravindra},
    booktitle={2011 6th International Conference on Industrial and Information Systems},
    pages={477--482},
    year={2011},
    organization={IEEE}
}

@article{aqel2016review,
    title={Review of visual odometry: types, approaches, challenges, and applications},
    author={Aqel, Mohammad OA and Marhaban, Mohammad H and Saripan, M Iqbal and Ismail, Napsiah Bt},
    journal={SpringerPlus},
    volume={5},
    number={1},
    pages={1897},
    year={2016},
    publisher={Springer}
}

@techreport{sunderhauf2007stereo,
    title={Stereo odometry—a review of approaches},
    author={S{\"u}nderhauf, Niko and Protzel, Peter},
    institution={Chemnitz University of Technology},
    year={2007},
    number={3/07}
}

@inproceedings{kerl2013robust,
    title={Robust odometry estimation for RGB-D cameras},
    author={Kerl, Christian and Sturm, J{\"u}rgen and Cremers, Daniel},
    booktitle={2013 IEEE International Conference on Robotics and Automation},
    pages={3748--3754},
    year={2013},
    organization={IEEE}
}

@mastersthesis{kerl2012odometry,
    title={Odometry from rgb-d cameras for autonomous quadrocopters},
    author={Kerl, Christian},
    school={Technical University of Munich},
    year=2012
}

@article{barron1994performance,
    title={Performance of optical flow techniques},
    author={Barron, John L and Fleet, David J and Beauchemin, Steven S},
    journal={International journal of computer vision},
    volume={12},
    number={1},
    pages={43--77},
    year={1994},
    publisher={Springer}
}

@inproceedings{kerl2013dense,
    title={Dense visual SLAM for RGB-D cameras},
    author={Kerl, Christian and Sturm, J{\"u}rgen and Cremers, Daniel},
    booktitle={2013 IEEE/RSJ International Conference on Intelligent Robots and Systems},
    pages={2100--2106},
    year={2013},
    organization={IEEE}
}

@inproceedings{stuhmer2010real,
    title={Real-time dense geometry from a handheld camera},
    author={St{\"u}hmer, Jan and Gumhold, Stefan and Cremers, Daniel},
    booktitle={Joint Pattern Recognition Symposium},
    pages={11--20},
    year={2010},
    organization={Springer}
}

@inproceedings{steinbrucker2011real,
    title={Real-time visual odometry from dense RGB-D images},
    author={Steinbr{\"u}cker, Frank and Sturm, J{\"u}rgen and Cremers, Daniel},
    booktitle={2011 IEEE International Conference on Computer Vision Workshops (ICCV Workshops)},
    pages={719--722},
    year={2011},
    organization={IEEE}
}

@inproceedings{engel2013semi,
    title={Semi-dense visual odometry for a monocular camera},
    author={Engel, Jakob and Sturm, J{\"u}rgen and Cremers, Daniel},
    booktitle={Proceedings of the IEEE international conference on computer vision},
    pages={1449--1456},
    year={2013}
}

@inproceedings{forster2014svo,
    title={SVO: Fast semi-direct monocular visual odometry},
    author={Forster, Christian and Pizzoli, Matia and Scaramuzza, Davide},
    booktitle={2014 IEEE international conference on robotics and automation (ICRA)},
    pages={15--22},
    year={2014},
    organization={IEEE}
}

@incollection{huang2017visual,
    title={Visual odometry and mapping for autonomous flight using an RGB-D camera},
    author={Huang, Albert S and Bachrach, Abraham and Henry, Peter and Krainin, Michael and Maturana, Daniel and Fox, Dieter and Roy, Nicholas},
    booktitle={Robotics Research},
    pages={235--252},
    year={2017},
    publisher={Springer}
}

@article{nister2006visual,
    title={Visual odometry for ground vehicle applications},
    author={Nist{\'e}r, David and Naroditsky, Oleg and Bergen, James},
    journal={Journal of Field Robotics},
    volume={23},
    number={1},
    pages={3--20},
    year={2006},
    publisher={Wiley Online Library}
}

@InProceedings{sturm12iros,
    author = {Sturm, J{\"u}rgen and Engelhard, Nikolas and Endres, Felix and Burgard, Wolfram and Cremers, Daniel},
    title = {A Benchmark for the Evaluation of RGB-D SLAM Systems},
    booktitle = {Proc. of the International Conference on Intelligent Robot Systems (IROS)},
    year = {2012},
    month= {Oct.},
}

@article{tukey1975mathematics,
    title={Mathematics and the picturing of data},
    author={Tukey, John W},
    journal={Proc.inter.cong.math.vancouver},
    pages={523-531},
    year={1975},
}

@inproceedings{tykkala11direct,
    author = {Tykkala, Tommi and Audras, Cédric and Comport, Andrew I.},
    title = {Direct Iterative Closest Point for real-time visual odometry.},
    booktitle = {ICCV Workshops},
    pages = {2050-2056},
    publisher = {IEEE},
    year = {2011}
}

@article{zhang1997parameter,
    title={Parameter estimation techniques: a tutorial with application to conic fitting},
    author={Zhang, Zhengyou},
    journal={Water Research},
    volume={39},
    number={15},
    pages={3686-3696},
    year={1997}
}

@book{huber2004robust,
    title={Robust Statistics},
    author={Huber, Peter J.},
    series={Wiley Series in Probability and Statistics},
    publisher={John Wiley \& Sons},
    year={2004}
}

@article{chen2002influence,
    title={The Influence Function and Maximum Bias of Tukey's Median},
    author={Chen, Zhiqiang and Tyler, David E.},
    journal={Annals of Statistics},
    volume={30},
    number={6},
    pages={1737-1759},
    year={2002},
}

@article{lange1989robust,
    title={Robust Statistical Modeling Using the t Distribution},
    author={Lange, Kenneth L. and Little, Roderick J. A. and Taylor, Jeremy M. G.},
    journal={Publications of the American Statistical Association},
    volume={84},
    number={408},
    pages={881-896},
    year={1989},
}

@book{bishop2006pattern,
    title={Pattern Recognition and Machine Learning},
    series={Information Science and Statistics},
    author={Bishop, Christopher M.},
    year={2006},
    publisher={Springer}
}

@book{madson2004methods,
    title={Methods for Non-Linear Least Squares Problems (2nd ed.)},
    author={Madson, Kaj and Nielsen, Hans B. and Tingleff, Ole},
    year={2004}
}

@article{kraus1998determination,
    title={Determination of terrain models in wooded areas with airborne laser scanner data},
    author={Kraus, Karl and Pfeifer, Norbert},
    journal={ISPRS Journal of Photogrammetry and remote Sensing},
    volume={53},
    number={4},
    pages={193--203},
    year={1998},
    publisher={Elsevier}
}

@article{pejic2013design,
    title={Design and optimisation of laser scanning for tunnels geometry inspection},
    author={Peji{\'c}, Marko},
    journal={Tunnelling and underground space technology},
    volume={37},
    pages={199--206},
    year={2013},
    publisher={Elsevier}
}

@inproceedings{nuchter20046d,
    title={6D SLAM with an application in autonomous mine mapping},
    author={N\"uchter, Andress and Surmann, Hartmut and Lingemann, Kai and Hertzberg, Joachim and Thrun, Sebastian},
    booktitle={Proceedings 2011 IEEE International Conference on Robotics and Automation},
    volume={2},
    pages={1998--2003},
    year={2004},
    organization={IEEE}
}

@book{levinson2011automatic,
    title={Automatic laser calibration, mapping, and localization for autonomous vehicles},
    author={Levinson, Jesse Sol},
    year={2011},
    publisher={Stanford University}
}

@inproceedings{lowe1999object,
    title={Object recognition from local scale-invariant features.},
    author={Lowe, David G and others},
    booktitle={iccv},
    volume={99},
    number={2},
    pages={1150--1157},
    year={1999}
}

@inproceedings{bay2006surf,
    title={Surf: Speeded up robust features},
    author={Bay, Herbert and Tuytelaars, Tinne and Van Gool, Luc},
    booktitle={European conference on computer vision},
    pages={404--417},
    year={2006},
    organization={Springer}
}

@inproceedings{rublee2011orb,
    title={ORB: An efficient alternative to SIFT or SURF.},
    author={Rublee, Ethan and Rabaud, Vincent and Konolige, Kurt and Bradski, Gary R},
    booktitle={ICCV},
    volume={11},
    number={1},
    pages={2},
    year={2011},
    organization={Citeseer}
}

@inproceedings{calonder2010brief,
    title={Brief: Binary robust independent elementary features},
    author={Calonder, Michael and Lepetit, Vincent and Strecha, Christoph and Fua, Pascal},
    booktitle={European conference on computer vision},
    pages={778--792},
    year={2010},
    organization={Springer}
}

@inproceedings{newcombe2011dtam,
    title={DTAM: Dense tracking and mapping in real-time},
    author={Newcombe, Richard A and Lovegrove, Steven J and Davison, Andrew J},
    booktitle={2011 international conference on computer vision},
    pages={2320--2327},
    year={2011},
    organization={IEEE}
}

@inproceedings{engel2014lsd,
    title={LSD-SLAM: Large-scale direct monocular SLAM},
    author={Engel, Jakob and Sch{\"o}ps, Thomas and Cremers, Daniel},
    booktitle={European conference on computer vision},
    pages={834--849},
    year={2014},
    organization={Springer}
}

@article{engel2017direct,
    title={Direct sparse odometry},
    author={Engel, Jakob and Koltun, Vladlen and Cremers, Daniel},
    journal={IEEE transactions on pattern analysis and machine intelligence},
    volume={40},
    number={3},
    pages={611--625},
    year={2017},
    publisher={IEEE}
}